@article{ablehales97,
title = {Movements of juvenile black sea bass \textsl{{C}entropristis striata} (Linnaeus) in a southern {N}ew {J}ersey estuary},
journal = {Journal of Experimental Marine Biology and Ecology},
volume = {213},
number = {2},
pages = {153--167},
year = {1997},
doi = {10.1016/S0022-0981(96)02743-8},
author = {K. W. Able and L. {Stanton Hales, Jr.}}
}

@article{aeberhardetal18,
  title = {Review of {{State}}-{{Space Models}} for {{Fisheries Science}}},
  author = {Aeberhard, William H. and Mills Flemming, Joanna and Nielsen, Anders},
  year = {2018},
  journal = {Annu. Rev. Stat. Appl.},
  volume = {5},
  number = {1},
  pages = {215--235},
  issn = {2326-8298, 2326-831X},
  doi = {10.1146/annurev-statistics-031017-100427}
}

@ARTICLE{andersenkeiding02,
	author = {P. K. Andersen and N. Keiding},
	year = 2002,
	title = {Multi-state models for event history analysis},
	journal = {Statistical Methods in Medical Research},
	volume = 11,
	pages = {91--115},
	doi = {10.1191/0962280202SM276ra}}

@ARTICLE{anderson88,
	author = {J. T. Anderson},
	year = 1988,
	title = {A Review of Size Dependent Survival During Pre-Recruit Stages of Fishes in Relation to Recruitment},
	journal = {Journal of Northwest Atlantic Fishery Science},
	volume = 8,
	pages = {55--66},
	doi = {10.2960/J.v8.a6}}

@article{arnason72,
  author = {Arnason, A. N.},
  title = {Parameter estimates from mark-recapture experiments on two populations subject to migration and death},
  journal = {Researches on Population Ecology},
  volume = 13,
  pages = {97--113},
  year = 1972,
  doi = {10.1007/BF02521971}}

@misc{asmfc16,
  author = {{ASMFC}},
  year = 2016,
  title = {Black Sea Bass Stock Assessment},
  howpublished = {{Available} at http://www.asmfc.org/uploads/file/5953f11d2016BlackSeaBassStockAssmt.pdf}}

@article{belletal15,
    author = {Bell, Richard J. and Richardson, David E. and Hare, Jonathan A. and Lynch, Patrick D. and Fratantoni, Paula S.},
    title = {Disentangling the effects of climate, abundance, and size on the distribution of marine fish: an example based on four stocks from the {N}ortheast {US} shelf},
    journal = {ICES Journal of Marine Science},
    volume = {72},
    number = {5},
    pages = {1311--1322},
    year = {2015},
    doi = {10.1093/icesjms/fsu217}}

@article{bergnielsen16,
  title = {Accounting for Correlated Observations in an Age-Based State-Space Stock Assessment Model},
  author = {Berg, Casper W. and Nielsen, Anders},
  year = {2016},
  journal = {ICES J Mar Sci},
  volume = {73},
  number = {7},
  pages = {1788--1797},
  issn = {1054-3139},
  doi = {10.1093/icesjms/fsw046},
}

@article{bergeretal24,
title = {Synthesizing the spatial functionality of contemporary stock assessment software to identify future needs for next generation assessment platforms},
journal = {Fisheries Research},
volume = {275},
pages = {107008},
year = {2024},
doi = {10.1016/j.fishres.2024.107008},
author = {Aaron M. Berger and Caren Barceló and Daniel R. Goethel and Simon D. Hoyle and Patrick D. Lynch and Jeremy McKenzie and Alistair Dunn and André E. Punt and Richard D. Methot and John Hampton and Clay E. Porch and Richard McGarvey and James T. Thorson and Z. Teresa A’mar and Jonathan J. Deroba and Bjarki Þór Elvarsson and Steven J. Holmes and Daniel Howell and Brian J. Langseth and Craig Marsh and Mark N. Maunder and Sophie Mormede and Scott Rasmussen}}

@article{bosleyetal22,
author = {Bosley, Katelyn M. and Schueller, Amy M. and Goethel, Daniel R. and Hanselman, Dana H. and Fenske, Kari H. and Berger, Aaron M. and Deroba, Jonathan J. and Langseth, Brian J.},
title = {Finding the perfect mismatch: Evaluating misspecification of population structure within spatially explicit integrated population models},
year = {2022},
journal = {Fish and Fisheries},
volume = {23},
number = {2},
pages = {294--315},
doi = {10.1111/faf.12616}}

@article{brooks24,
  title = {Pragmatic approaches to modeling recruitment in fisheries stock
assessment: A perspective},
  year = 2024,
  author = {E. N. Brooks},
  journal = {Fisheries Research},
  volume = 270,
  pages = {106896},
  doi = {10.1016/j.fishres.2023.106896}}

@BOOK{burnhamanderson02,
	author = {K. P. Burnham and D. R. Anderson},
	year = 2002,
	title = {Model selection and multimodel inference: a practical information-theoretic approach},
	publisher = {Springer-Verlag},
	address = {New York}}

@article{cadigan16,
author = {Cadigan, Noel G.},
title = {A state-space stock assessment model for northern cod, including under-reported catches and variable natural mortality rates},
journal = {Canadian Journal of Fisheries and Aquatic Sciences},
volume = {73},
number = {2},
pages = {296-308},
year = {2016},
doi = {10.1139/cjfas-2015-0047}}

@article{cadiganetal24,
title = {Are state-space stock assessment model confidence intervals accurate? Case studies with SAM and Barents Sea stocks},
journal = {Fisheries Research},
volume = {272},
pages = {106950},
year = {2024},
doi = {10.1016/j.fishres.2024.106950},
author = {Noel G Cadigan and Christoffer Moesgaard Albertsen and Nan Zheng and Anders Nielsen}}

@article{caoetal14,
  author = {Cao, Jie and Truesdell, Samuel B. and Chen, Yong},
  title = {Impacts of seasonal stock mixing on the assessment of {A}tlantic cod in the {G}ulf of {M}aine},
  journal = {ICES Journal of Marine Science},
  volume = {71},
  number = {6},
  pages = {1443--1457},
  year = {2014},
  doi = {10.1093/icesjms/fsu066}}


@article{clark22,
title = {Why natural mortality is estimable, in theory if not in practice, in a data-rich stock assessment},
journal = {Fisheries Research},
volume = {248},
pages = {106203},
year = {2022},
doi = {10.1016/j.fishres.2021.106203},
author = {William G. Clark}}

@article{cochraneetal98,
  author = {Cochrane, Kevern L. and Butterworth, Doug S. and De Oliveira, José A.A. and Roel, Beatriz A.},
  title = {Management procedures in a fishery based on highly variable stocks and with conflicting objectives: experiences in the {S}outh {A}frican pelagic fishery},
  journal = {Reviews in Fish Biology and Fisheries},
  volume = 8,
  pages = {177--214},
  year = 1998,
  number = 2,
  doi = {10.1023/A:1008894011847}}
  
@ARTICLE{commenges99,
author = {D. Commenges},
year = {1999},
title = {Multi-state models in epidemiology},
journal = {Lifetime Data Analysis},
volume = {5},
pages = {315--327},
doi = {10.1023/A:1009636125294}}

@article{correaetal23,
    author = {Correa, Giancarlo M and Monnahan, Cole C and Sullivan, Jane Y and Thorson, James T and Punt, André E},
    title = {Modelling time-varying growth in state-space stock assessments},
    journal = {ICES Journal of Marine Science},
    volume = {80},
    number = {7},
    pages = {2036-2049},
    year = {2023},
    month = {08},
    doi = {10.1093/icesjms/fsad133}}

@article{dupontaviceetal23,
title = {A high-resolution ocean bottom temperature product for the northeast {U}.{S}. continental shelf marine ecosystem},
journal = {Progress in Oceanography},
volume = {210},
pages = {102948},
year = {2023},
doi = {10.1016/j.pocean.2022.102948},
author = {Hubert {du Pontavice} and Zhuomin Chen and Vincent S. Saba}}

@article{fabrizioetal13,
  author = {Mary C. Fabrizio and  John P. Manderson and Jeffrey P. Pessutti},
  year = 2013,
  title = {Habitat associations and dispersal of black sea bass from a {M}id-{A}tlantic {B}ight reef},
  journal = {Marine Ecology Progress Series},
  volume = 482,
  pages = {241--253},
  doi = {10.3354/meps10302}}

@article{fischetal21,
  title = {Assessing Likelihoods for Fitting Composition Data within Stock Assessments, with Emphasis on Different Degrees of Process and Observation Error},
  author = {Fisch, Nicholas and Camp, Ed and Shertzer, Kyle and Ahrens, Robert},
  year = {2021},
  journal = {Fisheries Research},
  volume = {243},
  pages = {106069},
  issn = {0165-7836},
  doi = {10.1016/j.fishres.2021.106069},
}

@article{francis14,
title = {Replacing the multinomial in stock assessment models: A first step},
journal = {Fisheries Research},
author = {R.I.C. Chris Francis},
volume = {151},
pages = {70--84},
year = {2014},
doi = {10.1016/j.fishres.2013.12.015}}

@article{gabriel92,
  author = {W. L. Gabriel},
  year = 1992,
  title = {Persistence of demersal fish assemblages between {C}ape {H}atteras and {N}ova {S}cotia, {N}orthwest {A}tlantic},
  journal = {Journal of the Northwest Atlantic Fisheries Science},
  volume = 14,
  number = 1,
  pages = {29--46}}

@article{goetheletal19,
title = {Exploring the utility of different tag-recovery experimental designs for use in spatially explicit, tag-integrated stock assessment models},
journal = {Fisheries Research},
volume = {219},
pages = {105320},
year = {2019},
issn = {0165-7836},
doi = {10.1016/j.fishres.2019.105320},
author = {Daniel R. Goethel and Katelyn M. Bosley and Dana H. Hanselman and Aaron M. Berger and Jonathan J. Deroba and Brian J. Langseth and Amy M. Schueller}}

@article{hampton91,
  author = {Hampton, J.},
  year = 1991,
  title = {Estimation of southern bluefin tuna \textsl{{T}hunnus maccoyii} natural mortality and movement rates from tagging experiments},
  journal = {Fishery Bulletin},
  volume = 89,
  number = 4,
  pages = {591--610}}

@article{hareetal16,
    doi = {10.1371/journal.pone.0146756},
    author = {Hare, Jonathan A. and Morrison, Wendy E. and Nelson, Mark W. and Stachura, Megan M. and Teeters, Eric J. and Griffis, Roger B. and Alexander, Michael A. and Scott, James D. and Alade, Larry and Bell, Richard J. and Chute, Antonie S. and Curti, Kiersten L. and Curtis, Tobey H. and Kircheis, Daniel and Kocik, John F. and Lucey, Sean M. and McCandless, Camilla T. and Milke, Lisa M. and Richardson, David E. and Robillard, Eric and Walsh, Harvey J. and McManus, M. Conor and Marancik, Katrin E. and Griswold, Carolyn A.},
    journal = {PLOS ONE},
    title = {A Vulnerability Assessment of Fish and Invertebrates to Climate Change on the Northeast {U}.{S}. Continental Shelf},
    year = {2016},
    month = {02},
    volume = {11},
    pages = {1--30}}

@ARTICLE{hearnetal87,
  author = {W. S. Hearn and R. L. Sundland and J. Hampton},
  year = 1987,
  title = {Robust estimation of the natural mortality rate in a completed tagging experiment with variable fishing intensity},
  journal = {Journal Du Conseil International Pour L'exploration De La Mer},
  volume = 43,
  pages = {107--117},
  doi = {10.1093/icesjms/43.2.107}}

@book{holland10,
  author = {Holland, D.},
  year = 2010, 
  title = {Management Strategy Evaluation and Management Procedures: Tools for Rebuilding and Sustaining Fisheries},
  volume = 25,
  publisher = {OECD Publishing, Paris},
  series = {OECD Food, Agriculture and Fisheries Papers}, 
  doi = {10.1787/5kmd77jhvkjf-en}}

@article{kapuretal21,
title = {Equilibrium reference point calculations for the next generation of spatial assessments},
journal = {Fisheries Research},
volume = {244},
pages = {106132},
year = {2021},
doi = {10.1016/j.fishres.2021.106132},
author = {M.S. Kapur and M.C. Siple and M. Olmos and K.M. Privitera-Johnson and G. Adams and J. Best and C. Castillo-Jordán and L. Cronin-Fine and A.M. Havron and Q. Lee and R.D. Methot and André E. Punt}}

@article{kelletal05,
    author = {Kell, L.T. and Pastoors, M.A. and Scott, R.D. and Smith, M.T. and Van Beek, F.A. and O'Brien, C.M. and Pilling, G.M.},
    title = {Evaluation of multiple management objectives for Northeast {A}tlantic flatfish stocks: sustainability vs. stability of yield},
    journal = {ICES Journal of Marine Science},
    volume = {62},
    number = {6},
    pages = {1104--1117},
    year = {2005},
    doi = {10.1016/j.icesjms.2005.05.005}
}

@article{kelletal21,
  author = {Kell, L. T. and Sharma, R. and Kitakado, T. and Winker, H. and Mosqueira, I. and Cardinale, M. and Fu, D.},
  year = 2021,
  title = {Validation of stock assessment methods: is it me or my model talking?},
  journal = {ICES Journal of Marine Science},
  volume = 78,
  number = 6,
  pages = {2244--2255},
  doi = {10.1093/icesjms/fsab104}}

@BOOK{kemenysnell60,
  author = {J. G. Kemeny and J. L. Snell},
  year = 1960,
  title = {Finite {M}arkov Chains},
  publisher = {D. Van Nostrand Company},
  address = {Princeton, New Jersey}}


@article{kristensenetal16,
  title = {{{TMB}}: Automatic Differentiation and {{Laplace}} Approximation},
  shorttitle = {{{TMB}}},
  author = {Kristensen, Kasper and Nielsen, Anders and Berg, Casper and Skaug, Hans and Bell, Bradley M},
  year = {2016},
  journal = {Journal of Statistical Software},
  volume = {70},
  pages = {1--21},
  doi = {10.18637/jss.v070.i05},
}

@article{leeetal11,
title = {Estimating natural mortality within a fisheries stock assessment model: An evaluation using simulation analysis based on twelve stock assessments},
journal = {Fisheries Research},
volume = {109},
number = {1},
pages = {89-94},
year = {2011},
doi = {10.1016/j.fishres.2011.01.021},
author = {Hui-Hua Lee and Mark N. Maunder and Kevin R. Piner and Richard D. Methot}}


@article{legaultrestrepo99,
	author = {C. M. Legault and V. R. Restrepo},
	year = 1999,
	title = {A flexible forward age-structured assessment program},
	journal = {Col. Vol. Sci. Pap. ICCAT},
	volume = 49,
	number = 2,
	pages = {246--253}}

@article{legaultetal23,
  author = {C. M. Legault and J. Wiedenmann and J. J. Deroba and G. Fay and T. J.  Miller and E. N. Brooks and R. J. Bell and J. Langan and J. Cournane and A. W. Jones and B. Muffley},
  year = 2023,
  title = {Data Rich but Model Resistant: An Evaluation of Data-Limited Methods to Manage Fisheries with Failed Age-based Stock Assessments},
  journal = {Canadian Journal of Fisheries and Aquatic Sciences},
  volume = 80,
  number = {1},
  pages = {27--42},
  doi = {10.1139/cjfas-2022-0045},
  note = {doi: 10.1139/cjfas-2022-0045}}

@article{lietal24,
title = {An evaluation of common stock assessment diagnostic tools for choosing among state-space models with multiple random effects processes},
journal = {Fisheries Research},
volume = {273},
pages = {106968},
year = {2024},
doi = {10.1016/j.fishres.2024.106968},
author = {Chengxue Li and Jonathan J. Deroba and Timothy J. Miller and Christopher M. Legault and Charles T. Perretti}}

@article{maunder24,
title = {Towards a comprehensive framework for providing management advice from statistical inference using population dynamics models},
journal = {Ecological Modelling},
volume = {498},
pages = {110836},
year = {2024},
doi = {10.1016/j.ecolmodel.2024.110836},
author = {Mark N. Maunder}}

@ARTICLE{mcmahanetal20,
AUTHOR={McMahan, Marissa D.  and Sherwood, Graham D.  and Grabowski, Jonathan H. },
TITLE={Geographic variation in life-history traits of black sea bass (\textsl{{C}entropristis striata}) during a rapid range expansion},
JOURNAL={Frontiers in Marine Science},
VOLUME={7},
YEAR={2020},
pages = {567758},
DOI={10.3389/fmars.2020.567758}}

@ARTICLE{methotwetzel13,
	author = {R. D. Methot and C. R. Wetzel},
	year = {2013},
	title = {Stock {S}ynthesis: a biological and statistical framework for fish stock assessment and fishery management},
	journal = {Fisheries Research},
	volume = 142,
	number = 1,
	pages = {86--99},
	doi = {10.1016/j.fishres.2012.10.012}}

@article{millerandersen08,
  year = 2008,
  author = {T. J. Miller and P. K. Andersen},
  title = { A finite-state continuous-time approach for inferring regional migration and mortality rates from archival tagging and conventional tag-recovery experiments},
  journal = {Biometrics},
  volume = 64,
  number = 4,
  pages = {1196--1206},
  doi = {10.1111/j.1541-0420.2008.00996.x},
  note = {doi: 10.1111/j.1541-0420.2008.00996.x}}

@article{milleretal16,
  title = {A State-Space Approach to Incorporating Environmental Effects on Recruitment in an Age-Structured Assessment Model with an Application to Southern {{New England}} Yellowtail Flounder},
  author = {Miller, Timothy J. and Hare, Jonathan A. and Alade, Larry A.},
  year = {2016},
  month = aug,
  journal = {Canadian Journal of Fisheries Science},
  volume = {73},
  number = {8},
  pages = {1261--1270},
  issn = {0706-652X, 1205-7533},
  doi = {10.1139/cjfas-2015-0339}
}

@article{milleretal16_yoy_survival,
  author = {A. S. Miller and G. R. Shepherd and P. S. Fratantoni},
  year = 2016,
  title = {Offshore Habitat Preference of Overwintering Juvenile and Adult Black Sea Bass, \textsl{{C}entropristis} \textsl{striata}, and the Relationship to Year-Class Success},
  journal = {{PLOS} {ONE}},
  volume =  11,
  number = 1,
  pages = {e0147627},
  doi = {10.1371/journal.pone.0147627}}

@article{millerhyun18,
  title = {Evaluating Evidence for Alternative Natural Mortality and Process Error Assumptions Using a State-Space, Age-Structured Assessment Model},
  author = {Miller, Timothy J. and Hyun, Saang-Yoon},
  year = {2018},
  month = may,
  journal = {Canadian Journal of Fisheries Science},
  volume = {75},
  number = {5},
  pages = {691--703},
  issn = {0706-652X, 1205-7533},
  doi = {10.1139/cjfas-2017-0035},
}

@article{milleretal18,
  title = {Temporal and Environmental Variation in Growth and Maturity and Effects on Management Reference Points of {{Georges Bank Atlantic}} Cod},
  author = {Miller, Timothy J. and O'Brien, Loretta and Fratantoni, Paula S.},
  year = {2018},
  month = dec,
  journal = {Canadian Journal of Fisheries Science},
  volume = {75},
  number = {12},
  pages = {2159--2171},
  issn = {0706-652X, 1205-7533},
  doi = {10.1139/cjfas-2017-0124},
}

@misc{millerstock20,
  title = {The {{Woods Hole Assessment Model}} ({{WHAM}})},
  author = {Miller, Timothy J. and Stock, Brian C.},
  year = {2020},
  howpublished = {https://timjmiller.github.io/wham}
}

@article{milleretalinreview1,
  title = {An investigation of factors affecting inferences from and
reliability of state-space age-structured assessment models},
  author = {Miller, T. J. and Britten, G. and Brooks, E. N. and Fay, G. and Hansell, A. and Legault, C. M. and Li, C. and Muffley, B. and Stock, B. C. and Wiedenmann, J.},
  year = {In review},
  journal = {Canadian Journal of Fisheries Science}}

@ARTICLE{mohn99,
  author = {R. Mohn},
  year = 1999,
  title = {The retrospective problem in sequential population analysis: an investigation using cod fishery and simulated data},
  journal = {ICES Journal of Marine Science},
  volume = 56,
  number = 4,
  pages = {473--488},
  doi = {10.1006/jmsc.1999.0481}}

@article{mosershepherd09,
  author = {J. Moser and G. R. Shepherd},
  year = 2009,
  title = {Seasonal Distribution and Movement of black sea bass (\textsl{{C}entropristis striata}) in the {N}orthwest {A}tlantic as Determined from a Mark-Recapture Experiment},
  journal = {Journal of Northwest Atlantic Fishery Science},
  volume = 40,
  pages = {17--28}}

@article{musickmercer77,
author = {Musick, John A. and Mercer, Linda P.},
title = {Seasonal Distribution of black sea bass, \textsl{{C}entropristis striata}, in the {M}id-{A}tlantic {B}ight with Comments on the Ecology and Fisheries of the Species},
journal = {Transactions of the American Fisheries Society},
volume = {106},
number = {1},
pages = {12--25},
doi = {10.1577/1548-8659(1977)106<12:SDOBSB>2.0.CO;2},
year = {1977}}


@article{myers98,
  author = {R. A. Myers},
  year = 1998,
  title = {When Do Environment–recruitment Correlations Work?},
  journal = {Reviews in Fish Biology and Fisheries},
  volume =8,
  number = 3,
  pages = {229--249},
  doi = {10.1023/A:1008828730759}
}

@MISC{nefsc22,
  title = {Final Report of the Haddock Research Track Assessment Working Group},
  author = {{NEFSC}},
  year = 2022,
	howpublished = {{Available} at https://s3.us-east-1.amazonaws.com/nefmc.org/14b\_EGB\_Research\_Track\_Haddock\_WG\_Report\_DRAFT.pdf.}}

@MISC{nefsc22a,
  title = {Report of the American Plaice Research Track Working Group},
  author = {{NEFSC}},
  year = 2022,
	howpublished = {{Available} at https://s3.us-east-1.amazonaws.com/nefmc.org/2\_American-Plaice-WG-Report.pdf.}}

@MISC{nefsc23,
  title = {Report of the black sea bass (\textsl{{C}entropristis} \textsl{striata}) research track stock assessment working group},
  author = {{NEFSC}},
  year = 2023,
	howpublished = {{Available} at https://www.mafmc.org/s/a\_2023\_BSB\_UNIT\_RTWG\_Report\_V2\_12\_2\_2023-1.pdf.}}


@misc{nefsc24,
  title = {Butterfish Research Track Assessment Report},
  author = {NEFSC},
  year = {2024},
  howpublished = {US Dept Commer Northeast Fish Sci Cent Ref Doc. 24-03; 191 p.}
}

@MISC{nefsc24a,
  title = {The yellowtail flounder research track assessment report},
  author = {{NEFSC}},
  year = 2024,
	howpublished = {{Available} at https://www.fisheries.noaa.gov/inport/item/26539.  Accessed on 1/10/2025}}

@article{nielsenberg14,
  title = {Estimation of Time-Varying Selectivity in Stock Assessments Using State-Space Models},
  author = {Nielsen, Anders and Berg, Casper W.},
  year = {2014},
  journal = {Fisheries Research},
  volume = {158},
  pages = {96--101},
  doi = {10.1016/j.fishres.2014.01.014}}

@article{perreaultetal20, 
  title={A state-space stock assessment model for {American} plaice on the {Grand} {Bank} of {Newfoundland}}, 
  volume={51}, 
  DOI={10.2960/j.v51.m727}, 
  journal={Journal of Northwest Atlantic Fishery Science}, 
  author={Perreault, A M J and Wheeland, L J and Morgan, M J and Cadigan, N G}, 
  year={2020}, 
  pages={45--104}}

@article{pershingetal21,
    author = {Pershing, Andrew J. and Alexander, Michael A. and Brady, Damian C. and Brickman, David and Curchitser, Enrique N. and Diamond, Antony W. and McClenachan, Loren and Mills, Katherine E. and Nichols, Owen C. and Pendleton, Daniel E. and Record, Nicholas R. and Scott, James D. and Staudinger, Michelle D. and Wang, Yanjun},
    title = {Climate impacts on the {G}ulf of {M}aine ecosystem: A review of observed and expected changes in 2050 from rising temperatures},
    journal = {Elementa: Science of the Anthropocene},
    volume = {9},
    number = {1},
    pages = {00076},
    year = {2021},
    doi = {10.1525/elementa.2020.00076}}

@article{puntetal16,
author = {Punt, André E and Butterworth, Doug S and de Moor, Carryn L and De Oliveira, José A A and Haddon, Malcolm},
title = {Management strategy evaluation: best practices},
journal = {Fish and Fisheries},
volume = {17},
number = {2},
pages = {303-334},
doi = {10.1111/faf.12104},
year = {2016}}

@article{puntetal20,
title = {Essential features of the next-generation integrated fisheries stock assessment package: A perspective},
author = {A. E. Punt and A. Dunn and B. Elvarsson and J. Hampton and S. D. Hoyle and M. N. Maunder and R. D. Methot and A. Nielsen},
journal = {Fisheries Research},
volume = {229},
pages = {105617},
year = {2020},
issn = {0165-7836},
doi = {10.1016/j.fishres.2020.105617}}

@misc{R21,
  title = {R: A {{Language}} and {{Environment}} for {{Statistical Computing}}},
  author = {{R Core Team}},
  year = {2021},
  address = {{Vienna, Austria}},
  url = {https://www.R-project.org},
  howpublished = {R Foundation for Statistical Computing}
}

@ARTICLE{schwarzetal93,
	author = {C. J. Schwarz and J. F. Schweigert and A. N. Arnason},
	year = 1993,
	title = {Estimating migration rates using tag-recovery data},
	journal = {Biometrics},
	volume = 49,
	pages = {177--193},
	doi = {10.2307/2532612}}

@article{stocketal21,
  title = {Implementing Two-Dimensional Autocorrelation in Either Survival or Natural Mortality Improves a State-Space Assessment Model for {{Southern New England}}-{{Mid Atlantic}} Yellowtail Flounder},
  author = {Stock, Brian C. and Xu, Haikun and Miller, Timothy J. and Thorson, James T. and Nye, Janet A.},
  year = {2021},
  month = may,
  journal = {Fisheries Research},
  volume = {237},
  pages = {105873},
  issn = {0165-7836},
  doi = {10.1016/j.fishres.2021.105873},
}

@article{stockmiller21,
  title = {The {{Woods Hole Assessment Model}} ({{WHAM}}): A General State-Space Assessment Framework That Incorporates Time- and Age-Varying Processes via Random Effects and Links to Environmental Covariates},
  shorttitle = {The {{Woods Hole Assessment Model}} ({{WHAM}})},
  author = {Stock, Brian C. and Miller, Timothy J.},
  year = {2021},
  month = aug,
  journal = {Fisheries Research},
  volume = {240},
  pages = {105967},
  issn = {0165-7836},
  doi = {10.1016/j.fishres.2021.105967},
}

@ARTICLE{sullivanetal05,
	title = {Evidence for atmosphere{--}ocean forcing of yellowtail flounder (\textsl{{L}imanda} \textsl{ferruginea}) recruitment in the {M}iddle {A}tlantic {B}ight},
	year = 2005,
	author = {M. C. Sullivan and R. K. Cowen and B. P. Steves},
	journal = {Fisheries Oceanography},
	volume = 14,
	number = 5,
	pages = {386--399},
	doi = {10.1111/j.1365-2419.2005.00343.x}}

@article{thorsonetal17,
  title = {Model-based estimates of effective sample size in stock assessment models using the {D}irichlet-multinomial distribution},
  author = {James T. Thorson and Kelli F. Johnson and Richard D. Methot and Ian G. Taylor},
  journal = {Fisheries Research},
  volume = {192},
  pages = {84--93},
  year = {2017},
  doi = {10.1016/j.fishres.2016.06.005}}

@article{thorsonetal23,
    author = {Thorson, James T. and Miller, Timothy J. and Stock, Brian C.},
    title = {The multivariate-{T}weedie: a self-weighting likelihood for age and length composition data arising from hierarchical sampling designs},
    journal = {ICES Journal of Marine Science},
    volume = {80},
    number = {10},
    pages = {2630--2641},
    year = {2023},
    doi = {10.1093/icesjms/fsac159}}

@article{thygesenetal17,
  title = {{Validation of ecological state space models using the Laplace approximation}},
  author = {Thygesen, Uffe H. and Albertsen, Christoffer M. and Berg, Casper W. and Kristensen, Kasper and Nielsen, Anders},
  year = 2017,
  journal = {Environmental and Ecological Statistics}, 
  volume = 24,
  number = 2,
  pages = {317--339},
  doi = {10.1007/s10651-017-0372-4}}

@article{trijouletetal23,
title = {Model validation for compositional data in stock assessment models: Calculating residuals with correct properties},
journal = {Fisheries Research},
volume = {257},
pages = {106487},
year = {2023},
issn = {0165-7836},
doi = {https://doi.org/10.1016/j.fishres.2022.106487},
url = {https://www.sciencedirect.com/science/article/pii/S0165783622002648},
author = {Vanessa Trijoulet and Christoffer Moesgaard Albertsen and Kasper Kristensen and Christopher M. Legault and Timothy J. Miller and Anders Nielsen}}

@MISC{varkeyetal22,
  title = {A state-space model for stock assessment of cod (\textit{{G}adus morhua}) stock in NAFO Subdivision 3Ps},
  author = {Varkey, D.A. and Babyn, J. and Regular, P. and Ings, D.W. and Kumar, R. and Rogers, B. and Champagnat, J. and Morgan, M.J.},
  year = 2022,
	howpublished = {{DFO} {Can.} {Sci.} {Advis.} {Sec.} {Res.} {Doc.} 2022/022. v + 78 p.}}

@ARTICLE{warelambert85,
	author = {D. M. Ware and T. C. Lambert},
	year = 1985,
	title = {Early Life History of {A}tlantic Mackerel (\textsl{{S}comber scombrus}) in the Southern {G}ulf of {S}t. {L}awrence},
	journal = {Canadian Journal of Fisheris and Aquatic Sciences},
	volume = 42,
	number = 3,
	pages = {577--592},
	doi = {10.1139/f85-075}}

@article{yingetal11,
author = {Ying, Yiping and Chen, Yong and Lin, Longshan and Gao, Tianxian},
title = {Risks of ignoring fish population spatial structure in fisheries management},
journal = {Canadian Journal of Fisheries and Aquatic Sciences},
volume = {68},
number = {12},
pages = {2101--2120},
year = {2011},
doi = {10.1139/f2011-116}}

@article{zhengcadigan23,
year = 2023,
title = {Frequentist Conditional Variance for Nonlinear Mixed-Effects Models},
author = {N. Zheng and N. Cadigan},
volume = 17,
journal = {Journal of Statistical Theory and Practice},
number = 3,
pages = {},
doi = {10.1007/s42519-022-00304-5}}
